[
  {
    "a": 1288264954,
    "p": "22430.00",
    "q": "0.008",
    "f": 2391776973,
    "l": 2391776973,
    "T": 1655346196000,
    "m": true
  },
  {
    "a": 1288264955,
    "p": "22430.10",
    "q": "0.267",
    "f": 2391776974,
    "l": 2391776977,
    "T": 1655346196073,
    "m": false
  },
  {
    "a": 1288264956,
    "p": "22430.00",
    "q": "0.011",
    "f": 2391776978,
    "l": 2391776979,
    "T": 1655346196173,
    "m": true
  },
  {
    "a": 1288264957,
    "p": "22429.90",
    "q": "0.012",
    "f": 2391776980,
    "l": 2391776980,
    "T": 1655346196173,
    "m": true
  },
  {
    "a": 1288264958,
    "p": "22430.00",
    "q": "0.069",
    "f": 2391776981,
    "l": 2391776981,
    "T": 1655346196184,
    "m": false
  },
  {
    "a": 1288264959,
    "p": "22429.90",
    "q": "0.001",
    "f": 2391776982,
    "l": 2391776982,
    "T": 1655346196184,
    "m": true
  },
  {
    "a": 1288264960,
    "p": "22430.00",
    "q": "0.044",
    "f": 2391776983,
    "l": 2391776983,
    "T": 1655346196281,
    "m": false
  },
  {
    "a": 1288264961,
    "p": "22429.90",
    "q": "0.016",
    "f": 2391776984,
    "l": 2391776984,
    "T": 1655346196406,
    "m": true
  },
  {
    "a": 1288264962,
    "p": "22430.00",
    "q": "0.017",
    "f": 2391776985,
    "l": 2391776986,
    "T": 1655346196452,
    "m": false
  },
  {
    "a": 1288264963,
    "p": "22430.00",
    "q": "0.694",
    "f": 2391776987,
    "l": 2391776994,
    "T": 1655346196566,
    "m": false
  },
  {
    "a": 1288264964,
    "p": "22430.00",
    "q": "0.011",
    "f": 2391776995,
    "l": 2391776995,
    "T": 1655346196814,
    "m": false
  },
  {
    "a": 1288264965,
    "p": "22429.90",
    "q": "0.009",
    "f": 2391776996,
    "l": 2391776996,
    "T": 1655346196843,
    "m": true
  },
  {
    "a": 1288264966,
    "p": "22430.00",
    "q": "0.022",
    "f": 2391776997,
    "l": 2391776997,
    "T": 1655346196862,
    "m": false
  },
  {
    "a": 1288264967,
    "p": "22429.90",
    "q": "0.054",
    "f": 2391776998,
    "l": 2391777005,
    "T": 1655346196954,
    "m": true
  },
  {
    "a": 1288264968,
    "p": "22430.00",
    "q": "0.279",
    "f": 2391777006,
    "l": 2391777009,
    "T": 1655346197056,
    "m": false
  },
  {
    "a": 1288264969,
    "p": "22429.90",
    "q": "0.001",
    "f": 2391777010,
    "l": 2391777010,
    "T": 1655346197140,
    "m": true
  },
  {
    "a": 1288264970,
    "p": "22429.40",
    "q": "0.001",
    "f": 2391777011,
    "l": 2391777011,
    "T": 1655346197140,
    "m": true
  },
  {
    "a": 1288264971,
    "p": "22429.10",
    "q": "0.001",
    "f": 2391777012,
    "l": 2391777012,
    "T": 1655346197140,
    "m": true
  },
  {
    "a": 1288264972,
    "p": "22428.30",
    "q": "0.001",
    "f": 2391777013,
    "l": 2391777013,
    "T": 1655346197140,
    "m": true
  },
  {
    "a": 1288264973,
    "p": "22430.00",
    "q": "0.001",
    "f": 2391777014,
    "l": 2391777014,
    "T": 1655346197144,
    "m": false
  },
  {
    "a": 1288264974,
    "p": "22428.40",
    "q": "0.001",
    "f": 2391777015,
    "l": 2391777015,
    "T": 1655346197152,
    "m": false
  },
  {
    "a": 1288264975,
    "p": "22428.40",
    "q": "0.038",
    "f": 2391777016,
    "l": 2391777016,
    "T": 1655346197269,
    "m": false
  },
  {
    "a": 1288264976,
    "p": "22428.40",
    "q": "0.005",
    "f": 2391777017,
    "l": 2391777017,
    "T": 1655346197401,
    "m": false
  },
  {
    "a": 1288264977,
    "p": "22428.30",
    "q": "0.006",
    "f": 2391777018,
    "l": 2391777019,
    "T": 1655346197530,
    "m": true
  },
  {
    "a": 1288264978,
    "p": "22428.40",
    "q": "0.218",
    "f": 2391777020,
    "l": 2391777026,
    "T": 1655346197659,
    "m": false
  },
  {
    "a": 1288264979,
    "p": "22428.30",
    "q": "0.001",
    "f": 2391777027,
    "l": 2391777027,
    "T": 1655346197748,
    "m": true
  },
  {
    "a": 1288264980,
    "p": "22428.40",
    "q": "0.352",
    "f": 2391777028,
    "l": 2391777034,
    "T": 1655346197790,
    "m": false
  },
  {
    "a": 1288264981,
    "p": "22429.30",
    "q": "0.001",
    "f": 2391777035,
    "l": 2391777035,
    "T": 1655346197790,
    "m": false
  },
  {
    "a": 1288264982,
    "p": "22430.00",
    "q": "0.014",
    "f": 2391777036,
    "l": 2391777037,
    "T": 1655346197790,
    "m": false
  },
  {
    "a": 1288264983,
    "p": "22431.00",
    "q": "0.123",
    "f": 2391777038,
    "l": 2391777040,
    "T": 1655346197790,
    "m": false
  },
  {
    "a": 1288264984,
    "p": "22431.10",
    "q": "1.452",
    "f": 2391777041,
    "l": 2391777041,
    "T": 1655346197790,
    "m": false
  },
  {
    "a": 1288264985,
    "p": "22430.40",
    "q": "0.001",
    "f": 2391777042,
    "l": 2391777042,
    "T": 1655346197807,
    "m": false
  },
  {
    "a": 1288264986,
    "p": "22431.00",
    "q": "0.736",
    "f": 2391777043,
    "l": 2391777048,
    "T": 1655346197970,
    "m": true
  },
  {
    "a": 1288264987,
    "p": "22430.70",
    "q": "0.099",
    "f": 2391777049,
    "l": 2391777049,
    "T": 1655346197970,
    "m": true
  },
  {
    "a": 1288264988,
    "p": "22430.60",
    "q": "0.400",
    "f": 2391777050,
    "l": 2391777050,
    "T": 1655346197970,
    "m": true
  },
  {
    "a": 1288264989,
    "p": "22430.40",
    "q": "0.400",
    "f": 2391777051,
    "l": 2391777051,
    "T": 1655346197970,
    "m": true
  },
  {
    "a": 1288264990,
    "p": "22430.20",
    "q": "0.101",
    "f": 2391777052,
    "l": 2391777052,
    "T": 1655346197970,
    "m": true
  },
  {
    "a": 1288264991,
    "p": "22430.10",
    "q": "0.001",
    "f": 2391777053,
    "l": 2391777053,
    "T": 1655346197970,
    "m": true
  },
  {
    "a": 1288264992,
    "p": "22429.30",
    "q": "0.001",
    "f": 2391777054,
    "l": 2391777054,
    "T": 1655346197970,
    "m": true
  },
  {
    "a": 1288264993,
    "p": "22429.20",
    "q": "0.018",
    "f": 2391777055,
    "l": 2391777055,
    "T": 1655346197970,
    "m": true
  },
  {
    "a": 1288264994,
    "p": "22428.90",
    "q": "0.001",
    "f": 2391777056,
    "l": 2391777056,
    "T": 1655346197970,
    "m": true
  },
  {
    "a": 1288264995,
    "p": "22428.80",
    "q": "0.912",
    "f": 2391777057,
    "l": 2391777059,
    "T": 1655346197970,
    "m": true
  },
  {
    "a": 1288264996,
    "p": "22428.70",
    "q": "0.503",
    "f": 2391777060,
    "l": 2391777060,
    "T": 1655346197970,
    "m": true
  },
  {
    "a": 1288264997,
    "p": "22428.90",
    "q": "0.001",
    "f": 2391777061,
    "l": 2391777061,
    "T": 1655346197983,
    "m": true
  },
  {
    "a": 1288264998,
    "p": "22429.30",
    "q": "0.001",
    "f": 2391777062,
    "l": 2391777062,
    "T": 1655346198059,
    "m": false
  },
  {
    "a": 1288264999,
    "p": "22429.90",
    "q": "0.001",
    "f": 2391777063,
    "l": 2391777063,
    "T": 1655346198059,
    "m": false
  },
  {
    "a": 1288265000,
    "p": "22430.10",
    "q": "0.010",
    "f": 2391777064,
    "l": 2391777064,
    "T": 1655346198059,
    "m": false
  },
  {
    "a": 1288265001,
    "p": "22430.90",
    "q": "0.010",
    "f": 2391777065,
    "l": 2391777065,
    "T": 1655346198059,
    "m": false
  },
  {
    "a": 1288265002,
    "p": "22432.10",
    "q": "0.429",
    "f": 2391777066,
    "l": 2391777068,
    "T": 1655346198059,
    "m": false
  },
  {
    "a": 1288265003,
    "p": "22432.20",
    "q": "0.001",
    "f": 2391777069,
    "l": 2391777069,
    "T": 1655346198072,
    "m": false
  },
  {
    "a": 1288265004,
    "p": "22432.30",
    "q": "0.265",
    "f": 2391777070,
    "l": 2391777074,
    "T": 1655346198180,
    "m": true
  },
  {
    "a": 1288265005,
    "p": "22432.30",
    "q": "0.189",
    "f": 2391777075,
    "l": 2391777077,
    "T": 1655346198326,
    "m": true
  },
  {
    "a": 1288265006,
    "p": "22432.40",
    "q": "0.050",
    "f": 2391777078,
    "l": 2391777084,
    "T": 1655346198538,
    "m": false
  },
  {
    "a": 1288265007,
    "p": "22432.30",
    "q": "0.021",
    "f": 2391777085,
    "l": 2391777086,
    "T": 1655346198640,
    "m": true
  },
  {
    "a": 1288265008,
    "p": "22432.40",
    "q": "0.072",
    "f": 2391777087,
    "l": 2391777087,
    "T": 1655346198745,
    "m": false
  },
  {
    "a": 1288265009,
    "p": "22432.30",
    "q": "0.012",
    "f": 2391777088,
    "l": 2391777088,
    "T": 1655346198751,
    "m": true
  },
  {
    "a": 1288265010,
    "p": "22432.40",
    "q": "0.123",
    "f": 2391777089,
    "l": 2391777089,
    "T": 1655346198761,
    "m": false
  },
  {
    "a": 1288265011,
    "p": "22432.30",
    "q": "0.047",
    "f": 2391777090,
    "l": 2391777091,
    "T": 1655346199019,
    "m": true
  },
  {
    "a": 1288265012,
    "p": "22432.30",
    "q": "0.001",
    "f": 2391777092,
    "l": 2391777092,
    "T": 1655346199373,
    "m": true
  },
  {
    "a": 1288265013,
    "p": "22432.40",
    "q": "0.003",
    "f": 2391777093,
    "l": 2391777094,
    "T": 1655346199381,
    "m": false
  },
  {
    "a": 1288265014,
    "p": "22432.80",
    "q": "0.001",
    "f": 2391777095,
    "l": 2391777095,
    "T": 1655346199419,
    "m": false
  },
  {
    "a": 1288265015,
    "p": "22433.00",
    "q": "0.001",
    "f": 2391777096,
    "l": 2391777096,
    "T": 1655346199419,
    "m": false
  },
  {
    "a": 1288265016,
    "p": "22433.90",
    "q": "0.001",
    "f": 2391777097,
    "l": 2391777097,
    "T": 1655346199419,
    "m": false
  },
  {
    "a": 1288265017,
    "p": "22434.10",
    "q": "0.002",
    "f": 2391777098,
    "l": 2391777098,
    "T": 1655346199419,
    "m": false
  },
  {
    "a": 1288265018,
    "p": "22434.20",
    "q": "0.001",
    "f": 2391777099,
    "l": 2391777099,
    "T": 1655346199430,
    "m": false
  },
  {
    "a": 1288265019,
    "p": "22433.80",
    "q": "0.044",
    "f": 2391777100,
    "l": 2391777100,
    "T": 1655346199448,
    "m": true
  },
  {
    "a": 1288265020,
    "p": "22433.90",
    "q": "0.058",
    "f": 2391777101,
    "l": 2391777101,
    "T": 1655346199459,
    "m": false
  },
  {
    "a": 1288265021,
    "p": "22433.80",
    "q": "0.021",
    "f": 2391777102,
    "l": 2391777106,
    "T": 1655346199665,
    "m": true
  },
  {
    "a": 1288265022,
    "p": "22433.80",
    "q": "0.025",
    "f": 2391777107,
    "l": 2391777109,
    "T": 1655346199775,
    "m": true
  },
  {
    "a": 1288265023,
    "p": "22432.70",
    "q": "0.001",
    "f": 2391777110,
    "l": 2391777110,
    "T": 1655346199781,
    "m": true
  },
  {
    "a": 1288265024,
    "p": "22432.30",
    "q": "0.067",
    "f": 2391777111,
    "l": 2391777112,
    "T": 1655346199787,
    "m": true
  },
  {
    "a": 1288265025,
    "p": "22431.40",
    "q": "0.001",
    "f": 2391777113,
    "l": 2391777113,
    "T": 1655346199787,
    "m": true
  },
  {
    "a": 1288265026,
    "p": "22430.70",
    "q": "0.094",
    "f": 2391777114,
    "l": 2391777114,
    "T": 1655346199787,
    "m": true
  },
  {
    "a": 1288265027,
    "p": "22430.60",
    "q": "0.098",
    "f": 2391777115,
    "l": 2391777116,
    "T": 1655346199787,
    "m": true
  },
  {
    "a": 1288265028,
    "p": "22430.50",
    "q": "0.384",
    "f": 2391777117,
    "l": 2391777117,
    "T": 1655346199787,
    "m": true
  },
  {
    "a": 1288265029,
    "p": "22430.70",
    "q": "0.023",
    "f": 2391777118,
    "l": 2391777118,
    "T": 1655346199787,
    "m": false
  },
  {
    "a": 1288265030,
    "p": "22430.50",
    "q": "0.002",
    "f": 2391777119,
    "l": 2391777120,
    "T": 1655346199796,
    "m": true
  },
  {
    "a": 1288265031,
    "p": "22430.60",
    "q": "0.007",
    "f": 2391777121,
    "l": 2391777121,
    "T": 1655346199859,
    "m": false
  },
  {
    "a": 1288265032,
    "p": "22430.60",
    "q": "0.036",
    "f": 2391777122,
    "l": 2391777125,
    "T": 1655346200099,
    "m": false
  },
  {
    "a": 1288265033,
    "p": "22430.50",
    "q": "0.145",
    "f": 2391777126,
    "l": 2391777130,
    "T": 1655346200166,
    "m": true
  },
  {
    "a": 1288265034,
    "p": "22430.00",
    "q": "0.068",
    "f": 2391777131,
    "l": 2391777133,
    "T": 1655346200167,
    "m": true
  },
  {
    "a": 1288265035,
    "p": "22429.90",
    "q": "0.050",
    "f": 2391777134,
    "l": 2391777134,
    "T": 1655346200170,
    "m": true
  },
  {
    "a": 1288265036,
    "p": "22429.30",
    "q": "0.004",
    "f": 2391777135,
    "l": 2391777135,
    "T": 1655346200170,
    "m": true
  },
  {
    "a": 1288265037,
    "p": "22428.90",
    "q": "0.002",
    "f": 2391777136,
    "l": 2391777137,
    "T": 1655346200170,
    "m": true
  },
  {
    "a": 1288265038,
    "p": "22428.40",
    "q": "0.046",
    "f": 2391777138,
    "l": 2391777138,
    "T": 1655346200170,
    "m": true
  },
  {
    "a": 1288265039,
    "p": "22428.30",
    "q": "0.111",
    "f": 2391777139,
    "l": 2391777139,
    "T": 1655346200170,
    "m": true
  },
  {
    "a": 1288265040,
    "p": "22427.80",
    "q": "0.001",
    "f": 2391777140,
    "l": 2391777140,
    "T": 1655346200170,
    "m": true
  },
  {
    "a": 1288265041,
    "p": "22427.40",
    "q": "0.002",
    "f": 2391777141,
    "l": 2391777142,
    "T": 1655346200175,
    "m": true
  },
  {
    "a": 1288265042,
    "p": "22426.90",
    "q": "0.001",
    "f": 2391777143,
    "l": 2391777143,
    "T": 1655346200185,
    "m": true
  },
  {
    "a": 1288265043,
    "p": "22426.80",
    "q": "0.010",
    "f": 2391777144,
    "l": 2391777144,
    "T": 1655346200200,
    "m": true
  },
  {
    "a": 1288265044,
    "p": "22426.50",
    "q": "0.007",
    "f": 2391777145,
    "l": 2391777145,
    "T": 1655346200200,
    "m": true
  },
  {
    "a": 1288265045,
    "p": "22426.10",
    "q": "0.118",
    "f": 2391777146,
    "l": 2391777147,
    "T": 1655346200200,
    "m": true
  },
  {
    "a": 1288265046,
    "p": "22426.00",
    "q": "0.022",
    "f": 2391777148,
    "l": 2391777148,
    "T": 1655346200200,
    "m": true
  },
  {
    "a": 1288265047,
    "p": "22425.80",
    "q": "0.300",
    "f": 2391777149,
    "l": 2391777149,
    "T": 1655346200226,
    "m": true
  },
  {
    "a": 1288265048,
    "p": "22425.70",
    "q": "0.010",
    "f": 2391777150,
    "l": 2391777150,
    "T": 1655346200226,
    "m": true
  },
  {
    "a": 1288265049,
    "p": "22424.70",
    "q": "0.007",
    "f": 2391777151,
    "l": 2391777152,
    "T": 1655346200233,
    "m": true
  },
  {
    "a": 1288265050,
    "p": "22424.00",
    "q": "0.111",
    "f": 2391777153,
    "l": 2391777153,
    "T": 1655346200259,
    "m": true
  },
  {
    "a": 1288265051,
    "p": "22423.80",
    "q": "0.060",
    "f": 2391777154,
    "l": 2391777155,
    "T": 1655346200259,
    "m": true
  },
  {
    "a": 1288265052,
    "p": "22423.90",
    "q": "0.228",
    "f": 2391777156,
    "l": 2391777157,
    "T": 1655346200321,
    "m": false
  },
  {
    "a": 1288265053,
    "p": "22422.90",
    "q": "0.019",
    "f": 2391777158,
    "l": 2391777158,
    "T": 1655346200543,
    "m": false
  },
  {
    "a": 1288265054,
    "p": "22422.90",
    "q": "0.102",
    "f": 2391777159,
    "l": 2391777160,
    "T": 1655346200718,
    "m": false
  },
  {
    "a": 1288265055,
    "p": "22422.80",
    "q": "0.001",
    "f": 2391777161,
    "l": 2391777161,
    "T": 1655346200853,
    "m": true
  },
  {
    "a": 1288265056,
    "p": "22422.90",
    "q": "0.021",
    "f": 2391777162,
    "l": 2391777162,
    "T": 1655346200854,
    "m": false
  },
  {
    "a": 1288265057,
    "p": "22422.80",
    "q": "0.122",
    "f": 2391777163,
    "l": 2391777164,
    "T": 1655346201061,
    "m": true
  },
  {
    "a": 1288265058,
    "p": "22422.90",
    "q": "0.045",
    "f": 2391777165,
    "l": 2391777168,
    "T": 1655346201086,
    "m": false
  },
  {
    "a": 1288265059,
    "p": "22422.90",
    "q": "0.003",
    "f": 2391777169,
    "l": 2391777170,
    "T": 1655346201205,
    "m": false
  },
  {
    "a": 1288265060,
    "p": "22422.90",
    "q": "0.036",
    "f": 2391777171,
    "l": 2391777174,
    "T": 1655346201381,
    "m": false
  },
  {
    "a": 1288265061,
    "p": "22423.90",
    "q": "0.019",
    "f": 2391777175,
    "l": 2391777176,
    "T": 1655346201411,
    "m": false
  },
  {
    "a": 1288265062,
    "p": "22424.40",
    "q": "0.013",
    "f": 2391777177,
    "l": 2391777177,
    "T": 1655346201411,
    "m": false
  },
  {
    "a": 1288265063,
    "p": "22422.80",
    "q": "0.598",
    "f": 2391777178,
    "l": 2391777179,
    "T": 1655346201412,
    "m": true
  },
  {
    "a": 1288265064,
    "p": "22424.40",
    "q": "0.029",
    "f": 2391777180,
    "l": 2391777181,
    "T": 1655346201414,
    "m": false
  },
  {
    "a": 1288265065,
    "p": "22422.90",
    "q": "0.046",
    "f": 2391777182,
    "l": 2391777182,
    "T": 1655346201416,
    "m": true
  },
  {
    "a": 1288265066,
    "p": "22424.40",
    "q": "0.001",
    "f": 2391777183,
    "l": 2391777183,
    "T": 1655346201421,
    "m": false
  },
  {
    "a": 1288265067,
    "p": "22423.90",
    "q": "0.006",
    "f": 2391777184,
    "l": 2391777184,
    "T": 1655346201579,
    "m": false
  },
  {
    "a": 1288265068,
    "p": "22423.80",
    "q": "0.040",
    "f": 2391777185,
    "l": 2391777185,
    "T": 1655346201598,
    "m": true
  },
  {
    "a": 1288265069,
    "p": "22423.80",
    "q": "0.058",
    "f": 2391777186,
    "l": 2391777187,
    "T": 1655346201803,
    "m": true
  },
  {
    "a": 1288265070,
    "p": "22423.90",
    "q": "0.067",
    "f": 2391777188,
    "l": 2391777188,
    "T": 1655346201807,
    "m": false
  },
  {
    "a": 1288265071,
    "p": "22423.80",
    "q": "0.001",
    "f": 2391777189,
    "l": 2391777189,
    "T": 1655346201838,
    "m": true
  },
  {
    "a": 1288265072,
    "p": "22423.90",
    "q": "0.009",
    "f": 2391777190,
    "l": 2391777191,
    "T": 1655346201846,
    "m": false
  },
  {
    "a": 1288265073,
    "p": "22423.80",
    "q": "1.286",
    "f": 2391777192,
    "l": 2391777199,
    "T": 1655346201907,
    "m": true
  },
  {
    "a": 1288265074,
    "p": "22422.80",
    "q": "0.001",
    "f": 2391777200,
    "l": 2391777200,
    "T": 1655346201907,
    "m": true
  },
  {
    "a": 1288265075,
    "p": "22422.60",
    "q": "0.002",
    "f": 2391777201,
    "l": 2391777202,
    "T": 1655346201907,
    "m": true
  },
  {
    "a": 1288265076,
    "p": "22421.90",
    "q": "0.053",
    "f": 2391777203,
    "l": 2391777205,
    "T": 1655346201907,
    "m": true
  },
  {
    "a": 1288265077,
    "p": "22421.70",
    "q": "0.032",
    "f": 2391777206,
    "l": 2391777206,
    "T": 1655346201907,
    "m": true
  },
  {
    "a": 1288265078,
    "p": "22421.90",
    "q": "0.001",
    "f": 2391777207,
    "l": 2391777207,
    "T": 1655346201920,
    "m": true
  },
  {
    "a": 1288265079,
    "p": "22422.40",
    "q": "0.010",
    "f": 2391777208,
    "l": 2391777208,
    "T": 1655346201957,
    "m": false
  },
  {
    "a": 1288265080,
    "p": "22422.70",
    "q": "0.068",
    "f": 2391777209,
    "l": 2391777209,
    "T": 1655346201957,
    "m": false
  },
  {
    "a": 1288265081,
    "p": "22422.60",
    "q": "0.030",
    "f": 2391777210,
    "l": 2391777210,
    "T": 1655346201976,
    "m": true
  },
  {
    "a": 1288265082,
    "p": "22422.60",
    "q": "0.003",
    "f": 2391777211,
    "l": 2391777211,
    "T": 1655346202187,
    "m": true
  },
  {
    "a": 1288265083,
    "p": "22422.70",
    "q": "0.002",
    "f": 2391777212,
    "l": 2391777213,
    "T": 1655346202258,
    "m": false
  },
  {
    "a": 1288265084,
    "p": "22423.30",
    "q": "0.001",
    "f": 2391777214,
    "l": 2391777214,
    "T": 1655346202258,
    "m": false
  },
  {
    "a": 1288265085,
    "p": "22424.40",
    "q": "0.001",
    "f": 2391777215,
    "l": 2391777215,
    "T": 1655346202274,
    "m": false
  },
  {
    "a": 1288265086,
    "p": "22424.40",
    "q": "0.001",
    "f": 2391777216,
    "l": 2391777216,
    "T": 1655346202403,
    "m": false
  },
  {
    "a": 1288265087,
    "p": "22424.30",
    "q": "0.030",
    "f": 2391777217,
    "l": 2391777219,
    "T": 1655346202471,
    "m": true
  },
  {
    "a": 1288265088,
    "p": "22424.40",
    "q": "2.032",
    "f": 2391777220,
    "l": 2391777229,
    "T": 1655346202678,
    "m": false
  },
  {
    "a": 1288265089,
    "p": "22424.30",
    "q": "0.033",
    "f": 2391777230,
    "l": 2391777230,
    "T": 1655346202749,
    "m": true
  },
  {
    "a": 1288265090,
    "p": "22424.40",
    "q": "0.269",
    "f": 2391777231,
    "l": 2391777235,
    "T": 1655346202762,
    "m": false
  },
  {
    "a": 1288265091,
    "p": "22424.30",
    "q": "0.076",
    "f": 2391777236,
    "l": 2391777237,
    "T": 1655346202885,
    "m": true
  },
  {
    "a": 1288265092,
    "p": "22424.30",
    "q": "0.044",
    "f": 2391777238,
    "l": 2391777238,
    "T": 1655346203098,
    "m": true
  },
  {
    "a": 1288265093,
    "p": "22424.30",
    "q": "0.946",
    "f": 2391777239,
    "l": 2391777248,
    "T": 1655346203328,
    "m": true
  },
  {
    "a": 1288265094,
    "p": "22423.40",
    "q": "0.001",
    "f": 2391777249,
    "l": 2391777249,
    "T": 1655346203328,
    "m": true
  },
  {
    "a": 1288265095,
    "p": "22422.40",
    "q": "0.025",
    "f": 2391777250,
    "l": 2391777250,
    "T": 1655346203328,
    "m": true
  },
  {
    "a": 1288265096,
    "p": "22422.10",
    "q": "0.100",
    "f": 2391777251,
    "l": 2391777251,
    "T": 1655346203328,
    "m": true
  },
  {
    "a": 1288265097,
    "p": "22422.00",
    "q": "0.114",
    "f": 2391777252,
    "l": 2391777252,
    "T": 1655346203328,
    "m": true
  },
  {
    "a": 1288265098,
    "p": "22421.90",
    "q": "0.001",
    "f": 2391777253,
    "l": 2391777253,
    "T": 1655346203345,
    "m": true
  },
  {
    "a": 1288265099,
    "p": "22422.10",
    "q": "0.155",
    "f": 2391777254,
    "l": 2391777263,
    "T": 1655346203515,
    "m": true
  },
  {
    "a": 1288265100,
    "p": "22422.10",
    "q": "0.001",
    "f": 2391777264,
    "l": 2391777264,
    "T": 1655346203682,
    "m": true
  },
  {
    "a": 1288265101,
    "p": "22422.10",
    "q": "0.001",
    "f": 2391777265,
    "l": 2391777265,
    "T": 1655346203698,
    "m": false
  },
  {
    "a": 1288265102,
    "p": "22422.00",
    "q": "0.002",
    "f": 2391777266,
    "l": 2391777267,
    "T": 1655346203699,
    "m": true
  },
  {
    "a": 1288265103,
    "p": "22422.10",
    "q": "0.001",
    "f": 2391777268,
    "l": 2391777268,
    "T": 1655346203713,
    "m": false
  },
  {
    "a": 1288265104,
    "p": "22422.00",
    "q": "0.015",
    "f": 2391777269,
    "l": 2391777269,
    "T": 1655346203800,
    "m": true
  },
  {
    "a": 1288265105,
    "p": "22421.70",
    "q": "0.045",
    "f": 2391777270,
    "l": 2391777270,
    "T": 1655346203800,
    "m": true
  },
  {
    "a": 1288265106,
    "p": "22421.40",
    "q": "0.033",
    "f": 2391777271,
    "l": 2391777271,
    "T": 1655346203800,
    "m": true
  },
  {
    "a": 1288265107,
    "p": "22421.30",
    "q": "0.389",
    "f": 2391777272,
    "l": 2391777275,
    "T": 1655346203800,
    "m": true
  },
  {
    "a": 1288265108,
    "p": "22421.20",
    "q": "0.006",
    "f": 2391777276,
    "l": 2391777276,
    "T": 1655346203800,
    "m": true
  },
  {
    "a": 1288265109,
    "p": "22421.00",
    "q": "0.001",
    "f": 2391777277,
    "l": 2391777277,
    "T": 1655346203800,
    "m": true
  },
  {
    "a": 1288265110,
    "p": "22420.20",
    "q": "0.001",
    "f": 2391777278,
    "l": 2391777278,
    "T": 1655346203800,
    "m": true
  },
  {
    "a": 1288265111,
    "p": "22420.00",
    "q": "0.035",
    "f": 2391777279,
    "l": 2391777279,
    "T": 1655346203800,
    "m": true
  },
  {
    "a": 1288265112,
    "p": "22419.90",
    "q": "0.101",
    "f": 2391777280,
    "l": 2391777280,
    "T": 1655346203800,
    "m": true
  },
  {
    "a": 1288265113,
    "p": "22419.80",
    "q": "0.010",
    "f": 2391777281,
    "l": 2391777281,
    "T": 1655346203800,
    "m": true
  },
  {
    "a": 1288265114,
    "p": "22419.10",
    "q": "0.001",
    "f": 2391777282,
    "l": 2391777282,
    "T": 1655346203800,
    "m": true
  },
  {
    "a": 1288265115,
    "p": "22418.20",
    "q": "0.002",
    "f": 2391777283,
    "l": 2391777283,
    "T": 1655346203800,
    "m": true
  },
  {
    "a": 1288265116,
    "p": "22418.00",
    "q": "0.201",
    "f": 2391777284,
    "l": 2391777285,
    "T": 1655346203800,
    "m": true
  },
  {
    "a": 1288265117,
    "p": "22417.80",
    "q": "0.200",
    "f": 2391777286,
    "l": 2391777286,
    "T": 1655346203800,
    "m": true
  },
  {
    "a": 1288265118,
    "p": "22417.60",
    "q": "0.099",
    "f": 2391777287,
    "l": 2391777287,
    "T": 1655346203800,
    "m": true
  },
  {
    "a": 1288265119,
    "p": "22417.50",
    "q": "0.333",
    "f": 2391777288,
    "l": 2391777289,
    "T": 1655346203800,
    "m": true
  },
  {
    "a": 1288265120,
    "p": "22417.00",
    "q": "0.100",
    "f": 2391777290,
    "l": 2391777290,
    "T": 1655346203800,
    "m": true
  },
  {
    "a": 1288265121,
    "p": "22416.90",
    "q": "0.201",
    "f": 2391777291,
    "l": 2391777292,
    "T": 1655346203800,
    "m": true
  },
  {
    "a": 1288265122,
    "p": "22416.80",
    "q": "0.800",
    "f": 2391777293,
    "l": 2391777293,
    "T": 1655346203800,
    "m": true
  },
  {
    "a": 1288265123,
    "p": "22416.50",
    "q": "0.090",
    "f": 2391777294,
    "l": 2391777294,
    "T": 1655346203800,
    "m": true
  },
  {
    "a": 1288265124,
    "p": "22419.10",
    "q": "0.001",
    "f": 2391777295,
    "l": 2391777295,
    "T": 1655346203812,
    "m": true
  },
  {
    "a": 1288265125,
    "p": "22418.10",
    "q": "0.001",
    "f": 2391777296,
    "l": 2391777296,
    "T": 1655346203813,
    "m": true
  },
  {
    "a": 1288265126,
    "p": "22418.00",
    "q": "0.200",
    "f": 2391777297,
    "l": 2391777298,
    "T": 1655346203821,
    "m": true
  },
  {
    "a": 1288265127,
    "p": "22417.20",
    "q": "0.246",
    "f": 2391777299,
    "l": 2391777299,
    "T": 1655346203821,
    "m": true
  },
  {
    "a": 1288265128,
    "p": "22417.50",
    "q": "0.001",
    "f": 2391777300,
    "l": 2391777300,
    "T": 1655346203834,
    "m": true
  },
  {
    "a": 1288265129,
    "p": "22417.50",
    "q": "0.132",
    "f": 2391777301,
    "l": 2391777301,
    "T": 1655346203850,
    "m": false
  },
  {
    "a": 1288265130,
    "p": "22418.30",
    "q": "0.027",
    "f": 2391777302,
    "l": 2391777303,
    "T": 1655346204162,
    "m": false
  },
  {
    "a": 1288265131,
    "p": "22419.20",
    "q": "0.001",
    "f": 2391777304,
    "l": 2391777304,
    "T": 1655346204162,
    "m": false
  },
  {
    "a": 1288265132,
    "p": "22420.10",
    "q": "0.047",
    "f": 2391777305,
    "l": 2391777305,
    "T": 1655346204162,
    "m": false
  },
  {
    "a": 1288265133,
    "p": "22420.30",
    "q": "0.024",
    "f": 2391777306,
    "l": 2391777307,
    "T": 1655346204162,
    "m": false
  },
  {
    "a": 1288265134,
    "p": "22419.80",
    "q": "0.043",
    "f": 2391777308,
    "l": 2391777309,
    "T": 1655346204276,
    "m": false
  },
  {
    "a": 1288265135,
    "p": "22419.90",
    "q": "0.010",
    "f": 2391777310,
    "l": 2391777310,
    "T": 1655346204276,
    "m": false
  },
  {
    "a": 1288265136,
    "p": "22420.20",
    "q": "0.027",
    "f": 2391777311,
    "l": 2391777313,
    "T": 1655346204276,
    "m": false
  },
  {
    "a": 1288265137,
    "p": "22420.10",
    "q": "0.168",
    "f": 2391777314,
    "l": 2391777319,
    "T": 1655346204398,
    "m": true
  },
  {
    "a": 1288265138,
    "p": "22420.20",
    "q": "0.212",
    "f": 2391777320,
    "l": 2391777322,
    "T": 1655346204473,
    "m": false
  },
  {
    "a": 1288265139,
    "p": "22420.10",
    "q": "0.028",
    "f": 2391777323,
    "l": 2391777323,
    "T": 1655346204570,
    "m": true
  },
  {
    "a": 1288265140,
    "p": "22420.20",
    "q": "0.003",
    "f": 2391777324,
    "l": 2391777325,
    "T": 1655346204579,
    "m": false
  },
  {
    "a": 1288265141,
    "p": "22420.10",
    "q": "0.002",
    "f": 2391777326,
    "l": 2391777326,
    "T": 1655346204784,
    "m": true
  },
  {
    "a": 1288265142,
    "p": "22420.20",
    "q": "0.100",
    "f": 2391777327,
    "l": 2391777329,
    "T": 1655346204853,
    "m": false
  },
  {
    "a": 1288265143,
    "p": "22420.10",
    "q": "0.287",
    "f": 2391777330,
    "l": 2391777331,
    "T": 1655346204994,
    "m": true
  },
  {
    "a": 1288265144,
    "p": "22420.10",
    "q": "0.030",
    "f": 2391777332,
    "l": 2391777333,
    "T": 1655346205175,
    "m": true
  },
  {
    "a": 1288265145,
    "p": "22418.20",
    "q": "0.065",
    "f": 2391777334,
    "l": 2391777335,
    "T": 1655346205175,
    "m": true
  },
  {
    "a": 1288265146,
    "p": "22420.10",
    "q": "0.151",
    "f": 2391777336,
    "l": 2391777338,
    "T": 1655346205676,
    "m": true
  },
  {
    "a": 1288265147,
    "p": "22420.20",
    "q": "0.088",
    "f": 2391777339,
    "l": 2391777339,
    "T": 1655346205698,
    "m": false
  },
  {
    "a": 1288265148,
    "p": "22420.10",
    "q": "0.040",
    "f": 2391777340,
    "l": 2391777342,
    "T": 1655346205780,
    "m": true
  },
  {
    "a": 1288265149,
    "p": "22420.20",
    "q": "0.134",
    "f": 2391777343,
    "l": 2391777345,
    "T": 1655346205956,
    "m": false
  },
  {
    "a": 1288265150,
    "p": "22420.10",
    "q": "0.101",
    "f": 2391777346,
    "l": 2391777348,
    "T": 1655346206051,
    "m": true
  },
  {
    "a": 1288265151,
    "p": "22418.90",
    "q": "0.050",
    "f": 2391777349,
    "l": 2391777350,
    "T": 1655346206108,
    "m": true
  },
  {
    "a": 1288265152,
    "p": "22418.20",
    "q": "0.016",
    "f": 2391777351,
    "l": 2391777352,
    "T": 1655346206140,
    "m": true
  },
  {
    "a": 1288265153,
    "p": "22417.70",
    "q": "0.050",
    "f": 2391777353,
    "l": 2391777353,
    "T": 1655346206140,
    "m": true
  },
  {
    "a": 1288265154,
    "p": "22416.70",
    "q": "0.029",
    "f": 2391777354,
    "l": 2391777355,
    "T": 1655346206140,
    "m": true
  },
  {
    "a": 1288265155,
    "p": "22416.60",
    "q": "0.002",
    "f": 2391777356,
    "l": 2391777357,
    "T": 1655346206140,
    "m": true
  },
  {
    "a": 1288265156,
    "p": "22416.50",
    "q": "0.006",
    "f": 2391777358,
    "l": 2391777358,
    "T": 1655346206140,
    "m": true
  },
  {
    "a": 1288265157,
    "p": "22416.10",
    "q": "0.325",
    "f": 2391777359,
    "l": 2391777360,
    "T": 1655346206140,
    "m": true
  },
  {
    "a": 1288265158,
    "p": "22416.00",
    "q": "0.025",
    "f": 2391777361,
    "l": 2391777362,
    "T": 1655346206140,
    "m": true
  },
  {
    "a": 1288265159,
    "p": "22416.90",
    "q": "0.001",
    "f": 2391777363,
    "l": 2391777363,
    "T": 1655346206289,
    "m": false
  },
  {
    "a": 1288265160,
    "p": "22416.60",
    "q": "0.001",
    "f": 2391777364,
    "l": 2391777364,
    "T": 1655346206355,
    "m": true
  },
  {
    "a": 1288265161,
    "p": "22416.30",
    "q": "0.001",
    "f": 2391777365,
    "l": 2391777365,
    "T": 1655346206358,
    "m": true
  },
  {
    "a": 1288265162,
    "p": "22416.80",
    "q": "0.010",
    "f": 2391777366,
    "l": 2391777366,
    "T": 1655346206426,
    "m": true
  },
  {
    "a": 1288265163,
    "p": "22416.90",
    "q": "0.058",
    "f": 2391777367,
    "l": 2391777367,
    "T": 1655346206429,
    "m": false
  },
  {
    "a": 1288265164,
    "p": "22416.90",
    "q": "0.182",
    "f": 2391777368,
    "l": 2391777373,
    "T": 1655346206710,
    "m": false
  },
  {
    "a": 1288265165,
    "p": "22417.30",
    "q": "0.047",
    "f": 2391777374,
    "l": 2391777376,
    "T": 1655346206710,
    "m": false
  },
  {
    "a": 1288265166,
    "p": "22417.50",
    "q": "0.100",
    "f": 2391777377,
    "l": 2391777378,
    "T": 1655346206710,
    "m": false
  },
  {
    "a": 1288265167,
    "p": "22417.60",
    "q": "0.046",
    "f": 2391777379,
    "l": 2391777381,
    "T": 1655346206710,
    "m": false
  },
  {
    "a": 1288265168,
    "p": "22417.50",
    "q": "0.017",
    "f": 2391777382,
    "l": 2391777382,
    "T": 1655346206823,
    "m": true
  },
  {
    "a": 1288265169,
    "p": "22417.50",
    "q": "0.004",
    "f": 2391777383,
    "l": 2391777383,
    "T": 1655346206943,
    "m": true
  },
  {
    "a": 1288265170,
    "p": "22417.50",
    "q": "0.012",
    "f": 2391777384,
    "l": 2391777385,
    "T": 1655346207073,
    "m": true
  },
  {
    "a": 1288265171,
    "p": "22417.50",
    "q": "0.193",
    "f": 2391777386,
    "l": 2391777390,
    "T": 1655346207263,
    "m": true
  },
  {
    "a": 1288265172,
    "p": "22416.20",
    "q": "0.002",
    "f": 2391777391,
    "l": 2391777392,
    "T": 1655346207280,
    "m": true
  },
  {
    "a": 1288265173,
    "p": "22416.30",
    "q": "0.097",
    "f": 2391777393,
    "l": 2391777394,
    "T": 1655346207455,
    "m": false
  },
  {
    "a": 1288265174,
    "p": "22416.20",
    "q": "0.074",
    "f": 2391777395,
    "l": 2391777401,
    "T": 1655346207510,
    "m": true
  },
  {
    "a": 1288265175,
    "p": "22416.00",
    "q": "0.084",
    "f": 2391777402,
    "l": 2391777403,
    "T": 1655346207533,
    "m": true
  },
  {
    "a": 1288265176,
    "p": "22415.10",
    "q": "0.001",
    "f": 2391777404,
    "l": 2391777404,
    "T": 1655346207543,
    "m": true
  },
  {
    "a": 1288265177,
    "p": "22414.70",
    "q": "0.001",
    "f": 2391777405,
    "l": 2391777405,
    "T": 1655346207634,
    "m": false
  },
  {
    "a": 1288265178,
    "p": "22414.60",
    "q": "0.072",
    "f": 2391777406,
    "l": 2391777417,
    "T": 1655346207649,
    "m": true
  },
  {
    "a": 1288265179,
    "p": "22414.00",
    "q": "0.001",
    "f": 2391777418,
    "l": 2391777418,
    "T": 1655346207649,
    "m": true
  },
  {
    "a": 1288265180,
    "p": "22413.00",
    "q": "0.002",
    "f": 2391777419,
    "l": 2391777419,
    "T": 1655346207649,
    "m": true
  },
  {
    "a": 1288265181,
    "p": "22412.90",
    "q": "0.001",
    "f": 2391777420,
    "l": 2391777420,
    "T": 1655346207649,
    "m": true
  },
  {
    "a": 1288265182,
    "p": "22412.70",
    "q": "0.077",
    "f": 2391777421,
    "l": 2391777422,
    "T": 1655346207649,
    "m": true
  },
  {
    "a": 1288265183,
    "p": "22412.60",
    "q": "0.292",
    "f": 2391777423,
    "l": 2391777424,
    "T": 1655346207649,
    "m": true
  },
  {
    "a": 1288265184,
    "p": "22412.70",
    "q": "0.013",
    "f": 2391777425,
    "l": 2391777436,
    "T": 1655346207671,
    "m": false
  },
  {
    "a": 1288265185,
    "p": "22412.70",
    "q": "0.004",
    "f": 2391777437,
    "l": 2391777440,
    "T": 1655346207775,
    "m": false
  },
  {
    "a": 1288265186,
    "p": "22412.60",
    "q": "0.001",
    "f": 2391777441,
    "l": 2391777441,
    "T": 1655346207805,
    "m": true
  },
  {
    "a": 1288265187,
    "p": "22412.20",
    "q": "0.010",
    "f": 2391777442,
    "l": 2391777442,
    "T": 1655346207805,
    "m": true
  },
  {
    "a": 1288265188,
    "p": "22412.10",
    "q": "0.095",
    "f": 2391777443,
    "l": 2391777443,
    "T": 1655346207805,
    "m": true
  },
  {
    "a": 1288265189,
    "p": "22411.80",
    "q": "0.001",
    "f": 2391777444,
    "l": 2391777444,
    "T": 1655346207805,
    "m": true
  },
  {
    "a": 1288265190,
    "p": "22411.70",
    "q": "0.006",
    "f": 2391777445,
    "l": 2391777445,
    "T": 1655346207805,
    "m": true
  },
  {
    "a": 1288265191,
    "p": "22410.90",
    "q": "0.015",
    "f": 2391777446,
    "l": 2391777446,
    "T": 1655346207805,
    "m": true
  },
  {
    "a": 1288265192,
    "p": "22412.70",
    "q": "0.001",
    "f": 2391777447,
    "l": 2391777447,
    "T": 1655346207811,
    "m": false
  },
  {
    "a": 1288265193,
    "p": "22411.00",
    "q": "0.001",
    "f": 2391777448,
    "l": 2391777448,
    "T": 1655346207815,
    "m": true
  },
  {
    "a": 1288265194,
    "p": "22411.20",
    "q": "0.001",
    "f": 2391777449,
    "l": 2391777449,
    "T": 1655346207822,
    "m": false
  },
  {
    "a": 1288265195,
    "p": "22411.00",
    "q": "0.241",
    "f": 2391777450,
    "l": 2391777453,
    "T": 1655346207950,
    "m": true
  },
  {
    "a": 1288265196,
    "p": "22411.10",
    "q": "0.004",
    "f": 2391777454,
    "l": 2391777454,
    "T": 1655346207966,
    "m": false
  },
  {
    "a": 1288265197,
    "p": "22411.10",
    "q": "0.015",
    "f": 2391777455,
    "l": 2391777460,
    "T": 1655346208304,
    "m": false
  },
  {
    "a": 1288265198,
    "p": "22411.00",
    "q": "0.619",
    "f": 2391777461,
    "l": 2391777469,
    "T": 1655346208353,
    "m": true
  },
  {
    "a": 1288265199,
    "p": "22411.00",
    "q": "0.197",
    "f": 2391777470,
    "l": 2391777473,
    "T": 1655346208500,
    "m": true
  },
  {
    "a": 1288265200,
    "p": "22411.00",
    "q": "0.333",
    "f": 2391777474,
    "l": 2391777475,
    "T": 1655346208673,
    "m": true
  },
  {
    "a": 1288265201,
    "p": "22411.00",
    "q": "0.003",
    "f": 2391777476,
    "l": 2391777477,
    "T": 1655346209005,
    "m": true
  },
  {
    "a": 1288265202,
    "p": "22411.00",
    "q": "0.060",
    "f": 2391777478,
    "l": 2391777479,
    "T": 1655346209210,
    "m": true
  },
  {
    "a": 1288265203,
    "p": "22411.10",
    "q": "0.339",
    "f": 2391777480,
    "l": 2391777482,
    "T": 1655346209290,
    "m": false
  },
  {
    "a": 1288265204,
    "p": "22412.00",
    "q": "0.001",
    "f": 2391777483,
    "l": 2391777483,
    "T": 1655346209290,
    "m": false
  },
  {
    "a": 1288265205,
    "p": "22412.10",
    "q": "0.214",
    "f": 2391777484,
    "l": 2391777484,
    "T": 1655346209290,
    "m": false
  },
  {
    "a": 1288265206,
    "p": "22412.20",
    "q": "0.001",
    "f": 2391777485,
    "l": 2391777485,
    "T": 1655346209290,
    "m": false
  },
  {
    "a": 1288265207,
    "p": "22412.50",
    "q": "0.473",
    "f": 2391777486,
    "l": 2391777486,
    "T": 1655346209290,
    "m": false
  },
  {
    "a": 1288265208,
    "p": "22413.20",
    "q": "0.217",
    "f": 2391777487,
    "l": 2391777488,
    "T": 1655346209290,
    "m": false
  },
  {
    "a": 1288265209,
    "p": "22413.30",
    "q": "0.001",
    "f": 2391777489,
    "l": 2391777489,
    "T": 1655346209290,
    "m": false
  },
  {
    "a": 1288265210,
    "p": "22413.40",
    "q": "0.320",
    "f": 2391777490,
    "l": 2391777490,
    "T": 1655346209290,
    "m": false
  },
  {
    "a": 1288265211,
    "p": "22414.00",
    "q": "0.190",
    "f": 2391777491,
    "l": 2391777495,
    "T": 1655346209290,
    "m": false
  },
  {
    "a": 1288265212,
    "p": "22413.90",
    "q": "0.115",
    "f": 2391777496,
    "l": 2391777499,
    "T": 1655346209418,
    "m": true
  },
  {
    "a": 1288265213,
    "p": "22414.00",
    "q": "0.142",
    "f": 2391777500,
    "l": 2391777501,
    "T": 1655346209474,
    "m": false
  },
  {
    "a": 1288265214,
    "p": "22414.00",
    "q": "0.002",
    "f": 2391777502,
    "l": 2391777502,
    "T": 1655346209623,
    "m": false
  },
  {
    "a": 1288265215,
    "p": "22413.90",
    "q": "0.059",
    "f": 2391777503,
    "l": 2391777506,
    "T": 1655346209632,
    "m": true
  },
  {
    "a": 1288265216,
    "p": "22413.90",
    "q": "0.026",
    "f": 2391777507,
    "l": 2391777511,
    "T": 1655346209790,
    "m": true
  },
  {
    "a": 1288265217,
    "p": "22414.00",
    "q": "0.100",
    "f": 2391777512,
    "l": 2391777512,
    "T": 1655346209845,
    "m": false
  },
  {
    "a": 1288265218,
    "p": "22413.90",
    "q": "0.149",
    "f": 2391777513,
    "l": 2391777519,
    "T": 1655346209907,
    "m": true
  },
  {
    "a": 1288265219,
    "p": "22414.00",
    "q": "0.815",
    "f": 2391777520,
    "l": 2391777527,
    "T": 1655346210021,
    "m": false
  },
  {
    "a": 1288265220,
    "p": "22414.50",
    "q": "0.050",
    "f": 2391777528,
    "l": 2391777528,
    "T": 1655346210021,
    "m": false
  },
  {
    "a": 1288265221,
    "p": "22414.60",
    "q": "0.025",
    "f": 2391777529,
    "l": 2391777529,
    "T": 1655346210021,
    "m": false
  },
  {
    "a": 1288265222,
    "p": "22414.70",
    "q": "0.047",
    "f": 2391777530,
    "l": 2391777530,
    "T": 1655346210021,
    "m": false
  },
  {
    "a": 1288265223,
    "p": "22414.90",
    "q": "0.099",
    "f": 2391777531,
    "l": 2391777531,
    "T": 1655346210021,
    "m": false
  },
  {
    "a": 1288265224,
    "p": "22415.10",
    "q": "0.345",
    "f": 2391777532,
    "l": 2391777533,
    "T": 1655346210021,
    "m": false
  },
  {
    "a": 1288265225,
    "p": "22414.60",
    "q": "0.064",
    "f": 2391777534,
    "l": 2391777538,
    "T": 1655346210060,
    "m": true
  },
  {
    "a": 1288265226,
    "p": "22414.60",
    "q": "0.004",
    "f": 2391777539,
    "l": 2391777539,
    "T": 1655346210262,
    "m": true
  },
  {
    "a": 1288265227,
    "p": "22414.70",
    "q": "0.810",
    "f": 2391777540,
    "l": 2391777545,
    "T": 1655346210264,
    "m": false
  },
  {
    "a": 1288265228,
    "p": "22414.80",
    "q": "0.022",
    "f": 2391777546,
    "l": 2391777546,
    "T": 1655346210265,
    "m": false
  },
  {
    "a": 1288265229,
    "p": "22415.00",
    "q": "0.022",
    "f": 2391777547,
    "l": 2391777547,
    "T": 1655346210265,
    "m": false
  },
  {
    "a": 1288265230,
    "p": "22415.20",
    "q": "0.125",
    "f": 2391777548,
    "l": 2391777548,
    "T": 1655346210265,
    "m": false
  },
  {
    "a": 1288265231,
    "p": "22415.50",
    "q": "0.100",
    "f": 2391777549,
    "l": 2391777550,
    "T": 1655346210265,
    "m": false
  },
  {
    "a": 1288265232,
    "p": "22415.60",
    "q": "0.818",
    "f": 2391777551,
    "l": 2391777552,
    "T": 1655346210265,
    "m": false
  },
  {
    "a": 1288265233,
    "p": "22415.70",
    "q": "0.001",
    "f": 2391777553,
    "l": 2391777553,
    "T": 1655346210265,
    "m": false
  },
  {
    "a": 1288265234,
    "p": "22415.90",
    "q": "0.016",
    "f": 2391777554,
    "l": 2391777554,
    "T": 1655346210265,
    "m": false
  },
  {
    "a": 1288265235,
    "p": "22416.10",
    "q": "0.001",
    "f": 2391777555,
    "l": 2391777555,
    "T": 1655346210265,
    "m": false
  },
  {
    "a": 1288265236,
    "p": "22416.20",
    "q": "0.168",
    "f": 2391777556,
    "l": 2391777557,
    "T": 1655346210265,
    "m": false
  },
  {
    "a": 1288265237,
    "p": "22416.30",
    "q": "0.046",
    "f": 2391777558,
    "l": 2391777558,
    "T": 1655346210265,
    "m": false
  },
  {
    "a": 1288265238,
    "p": "22416.50",
    "q": "0.239",
    "f": 2391777559,
    "l": 2391777560,
    "T": 1655346210265,
    "m": false
  },
  {
    "a": 1288265239,
    "p": "22416.70",
    "q": "0.231",
    "f": 2391777561,
    "l": 2391777562,
    "T": 1655346210265,
    "m": false
  },
  {
    "a": 1288265240,
    "p": "22415.70",
    "q": "0.001",
    "f": 2391777563,
    "l": 2391777563,
    "T": 1655346210279,
    "m": false
  },
  {
    "a": 1288265241,
    "p": "22415.60",
    "q": "0.399",
    "f": 2391777564,
    "l": 2391777567,
    "T": 1655346210312,
    "m": true
  },
  {
    "a": 1288265242,
    "p": "22415.00",
    "q": "0.001",
    "f": 2391777568,
    "l": 2391777568,
    "T": 1655346210321,
    "m": true
  },
  {
    "a": 1288265243,
    "p": "22415.00",
    "q": "0.001",
    "f": 2391777569,
    "l": 2391777569,
    "T": 1655346210330,
    "m": false
  },
  {
    "a": 1288265244,
    "p": "22414.80",
    "q": "0.023",
    "f": 2391777570,
    "l": 2391777570,
    "T": 1655346210399,
    "m": false
  },
  {
    "a": 1288265245,
    "p": "22414.70",
    "q": "0.005",
    "f": 2391777571,
    "l": 2391777571,
    "T": 1655346210450,
    "m": true
  },
  {
    "a": 1288265246,
    "p": "22414.70",
    "q": "0.001",
    "f": 2391777572,
    "l": 2391777572,
    "T": 1655346210553,
    "m": true
  },
  {
    "a": 1288265247,
    "p": "22414.70",
    "q": "0.191",
    "f": 2391777573,
    "l": 2391777581,
    "T": 1655346210744,
    "m": true
  },
  {
    "a": 1288265248,
    "p": "22414.00",
    "q": "0.001",
    "f": 2391777582,
    "l": 2391777582,
    "T": 1655346210818,
    "m": true
  },
  {
    "a": 1288265249,
    "p": "22413.30",
    "q": "0.001",
    "f": 2391777583,
    "l": 2391777583,
    "T": 1655346210831,
    "m": true
  },
  {
    "a": 1288265250,
    "p": "22413.00",
    "q": "0.001",
    "f": 2391777584,
    "l": 2391777584,
    "T": 1655346210846,
    "m": true
  },
  {
    "a": 1288265251,
    "p": "22411.70",
    "q": "0.002",
    "f": 2391777585,
    "l": 2391777586,
    "T": 1655346210911,
    "m": true
  },
  {
    "a": 1288265252,
    "p": "22411.70",
    "q": "0.004",
    "f": 2391777587,
    "l": 2391777588,
    "T": 1655346211016,
    "m": true
  },
  {
    "a": 1288265253,
    "p": "22411.10",
    "q": "0.001",
    "f": 2391777589,
    "l": 2391777589,
    "T": 1655346211071,
    "m": true
  },
  {
    "a": 1288265254,
    "p": "22411.00",
    "q": "0.111",
    "f": 2391777590,
    "l": 2391777590,
    "T": 1655346211077,
    "m": true
  },
  {
    "a": 1288265255,
    "p": "22410.90",
    "q": "0.001",
    "f": 2391777591,
    "l": 2391777591,
    "T": 1655346211109,
    "m": true
  },
  {
    "a": 1288265256,
    "p": "22410.00",
    "q": "0.179",
    "f": 2391777592,
    "l": 2391777595,
    "T": 1655346211149,
    "m": true
  },
  {
    "a": 1288265257,
    "p": "22409.60",
    "q": "0.007",
    "f": 2391777596,
    "l": 2391777596,
    "T": 1655346211236,
    "m": true
  },
  {
    "a": 1288265258,
    "p": "22409.20",
    "q": "0.001",
    "f": 2391777597,
    "l": 2391777597,
    "T": 1655346211237,
    "m": false
  },
  {
    "a": 1288265259,
    "p": "22409.10",
    "q": "0.062",
    "f": 2391777598,
    "l": 2391777599,
    "T": 1655346211431,
    "m": true
  },
  {
    "a": 1288265260,
    "p": "22408.90",
    "q": "0.001",
    "f": 2391777600,
    "l": 2391777600,
    "T": 1655346211431,
    "m": true
  },
  {
    "a": 1288265261,
    "p": "22408.60",
    "q": "0.455",
    "f": 2391777601,
    "l": 2391777602,
    "T": 1655346211431,
    "m": true
  },
  {
    "a": 1288265262,
    "p": "22408.60",
    "q": "0.004",
    "f": 2391777603,
    "l": 2391777603,
    "T": 1655346211566,
    "m": true
  },
  {
    "a": 1288265263,
    "p": "22408.60",
    "q": "0.717",
    "f": 2391777604,
    "l": 2391777609,
    "T": 1655346211679,
    "m": true
  },
  {
    "a": 1288265264,
    "p": "22408.40",
    "q": "0.006",
    "f": 2391777610,
    "l": 2391777612,
    "T": 1655346211771,
    "m": true
  },
  {
    "a": 1288265265,
    "p": "22408.20",
    "q": "0.001",
    "f": 2391777613,
    "l": 2391777613,
    "T": 1655346211805,
    "m": true
  },
  {
    "a": 1288265266,
    "p": "22408.00",
    "q": "0.002",
    "f": 2391777614,
    "l": 2391777614,
    "T": 1655346211805,
    "m": true
  },
  {
    "a": 1288265267,
    "p": "22407.90",
    "q": "0.002",
    "f": 2391777615,
    "l": 2391777616,
    "T": 1655346211816,
    "m": true
  },
  {
    "a": 1288265268,
    "p": "22407.90",
    "q": "0.001",
    "f": 2391777617,
    "l": 2391777617,
    "T": 1655346212078,
    "m": true
  },
  {
    "a": 1288265269,
    "p": "22408.00",
    "q": "0.012",
    "f": 2391777618,
    "l": 2391777618,
    "T": 1655346212098,
    "m": false
  },
  {
    "a": 1288265270,
    "p": "22408.00",
    "q": "0.004",
    "f": 2391777619,
    "l": 2391777619,
    "T": 1655346212250,
    "m": false
  },
  {
    "a": 1288265271,
    "p": "22407.90",
    "q": "0.253",
    "f": 2391777620,
    "l": 2391777623,
    "T": 1655346212288,
    "m": true
  },
  {
    "a": 1288265272,
    "p": "22407.90",
    "q": "0.007",
    "f": 2391777624,
    "l": 2391777625,
    "T": 1655346212500,
    "m": true
  },
  {
    "a": 1288265273,
    "p": "22408.00",
    "q": "0.004",
    "f": 2391777626,
    "l": 2391777626,
    "T": 1655346212507,
    "m": false
  },
  {
    "a": 1288265274,
    "p": "22407.90",
    "q": "0.042",
    "f": 2391777627,
    "l": 2391777627,
    "T": 1655346212512,
    "m": true
  },
  {
    "a": 1288265275,
    "p": "22408.00",
    "q": "0.004",
    "f": 2391777628,
    "l": 2391777629,
    "T": 1655346212522,
    "m": false
  },
  {
    "a": 1288265276,
    "p": "22407.90",
    "q": "0.021",
    "f": 2391777630,
    "l": 2391777631,
    "T": 1655346212581,
    "m": true
  },
  {
    "a": 1288265277,
    "p": "22407.90",
    "q": "0.229",
    "f": 2391777632,
    "l": 2391777635,
    "T": 1655346212698,
    "m": true
  },
  {
    "a": 1288265278,
    "p": "22408.00",
    "q": "0.007",
    "f": 2391777636,
    "l": 2391777641,
    "T": 1655346212721,
    "m": false
  },
  {
    "a": 1288265279,
    "p": "22407.90",
    "q": "0.007",
    "f": 2391777642,
    "l": 2391777643,
    "T": 1655346212896,
    "m": true
  },
  {
    "a": 1288265280,
    "p": "22408.00",
    "q": "0.013",
    "f": 2391777644,
    "l": 2391777645,
    "T": 1655346212913,
    "m": false
  },
  {
    "a": 1288265281,
    "p": "22408.60",
    "q": "0.001",
    "f": 2391777646,
    "l": 2391777646,
    "T": 1655346212913,
    "m": false
  },
  {
    "a": 1288265282,
    "p": "22408.90",
    "q": "0.001",
    "f": 2391777647,
    "l": 2391777647,
    "T": 1655346212914,
    "m": false
  },
  {
    "a": 1288265283,
    "p": "22409.20",
    "q": "0.001",
    "f": 2391777648,
    "l": 2391777648,
    "T": 1655346212914,
    "m": false
  },
  {
    "a": 1288265284,
    "p": "22409.80",
    "q": "0.001",
    "f": 2391777649,
    "l": 2391777649,
    "T": 1655346212914,
    "m": false
  },
  {
    "a": 1288265285,
    "p": "22410.20",
    "q": "0.001",
    "f": 2391777650,
    "l": 2391777650,
    "T": 1655346212924,
    "m": false
  },
  {
    "a": 1288265286,
    "p": "22410.40",
    "q": "0.110",
    "f": 2391777651,
    "l": 2391777663,
    "T": 1655346212937,
    "m": false
  },
  {
    "a": 1288265287,
    "p": "22410.30",
    "q": "0.062",
    "f": 2391777664,
    "l": 2391777664,
    "T": 1655346212947,
    "m": true
  },
  {
    "a": 1288265288,
    "p": "22410.40",
    "q": "0.001",
    "f": 2391777665,
    "l": 2391777665,
    "T": 1655346212956,
    "m": false
  },
  {
    "a": 1288265289,
    "p": "22410.80",
    "q": "0.001",
    "f": 2391777666,
    "l": 2391777666,
    "T": 1655346213004,
    "m": false
  },
  {
    "a": 1288265290,
    "p": "22410.90",
    "q": "0.282",
    "f": 2391777667,
    "l": 2391777667,
    "T": 1655346213004,
    "m": false
  },
  {
    "a": 1288265291,
    "p": "22411.00",
    "q": "0.046",
    "f": 2391777668,
    "l": 2391777668,
    "T": 1655346213004,
    "m": false
  },
  {
    "a": 1288265292,
    "p": "22411.80",
    "q": "0.038",
    "f": 2391777669,
    "l": 2391777669,
    "T": 1655346213004,
    "m": false
  },
  {
    "a": 1288265293,
    "p": "22411.90",
    "q": "0.001",
    "f": 2391777670,
    "l": 2391777670,
    "T": 1655346213004,
    "m": false
  },
  {
    "a": 1288265294,
    "p": "22412.40",
    "q": "0.087",
    "f": 2391777671,
    "l": 2391777671,
    "T": 1655346213004,
    "m": false
  },
  {
    "a": 1288265295,
    "p": "22412.70",
    "q": "0.295",
    "f": 2391777672,
    "l": 2391777674,
    "T": 1655346213004,
    "m": false
  },
  {
    "a": 1288265296,
    "p": "22412.40",
    "q": "0.001",
    "f": 2391777675,
    "l": 2391777675,
    "T": 1655346213019,
    "m": false
  },
  {
    "a": 1288265297,
    "p": "22412.30",
    "q": "0.683",
    "f": 2391777676,
    "l": 2391777678,
    "T": 1655346213118,
    "m": true
  },
  {
    "a": 1288265298,
    "p": "22412.40",
    "q": "0.015",
    "f": 2391777679,
    "l": 2391777679,
    "T": 1655346213202,
    "m": false
  },
  {
    "a": 1288265299,
    "p": "22412.30",
    "q": "0.001",
    "f": 2391777680,
    "l": 2391777680,
    "T": 1655346213343,
    "m": true
  },
  {
    "a": 1288265300,
    "p": "22412.30",
    "q": "0.085",
    "f": 2391777681,
    "l": 2391777683,
    "T": 1655346213538,
    "m": true
  },
  {
    "a": 1288265301,
    "p": "22412.30",
    "q": "0.085",
    "f": 2391777684,
    "l": 2391777684,
    "T": 1655346213677,
    "m": true
  },
  {
    "a": 1288265302,
    "p": "22412.40",
    "q": "0.341",
    "f": 2391777685,
    "l": 2391777688,
    "T": 1655346213718,
    "m": false
  },
  {
    "a": 1288265303,
    "p": "22412.30",
    "q": "0.024",
    "f": 2391777689,
    "l": 2391777690,
    "T": 1655346213730,
    "m": true
  },
  {
    "a": 1288265304,
    "p": "22412.30",
    "q": "0.053",
    "f": 2391777691,
    "l": 2391777695,
    "T": 1655346213943,
    "m": true
  },
  {
    "a": 1288265305,
    "p": "22411.70",
    "q": "0.001",
    "f": 2391777696,
    "l": 2391777696,
    "T": 1655346213985,
    "m": true
  },
  {
    "a": 1288265306,
    "p": "22411.40",
    "q": "0.001",
    "f": 2391777697,
    "l": 2391777697,
    "T": 1655346213985,
    "m": true
  },
  {
    "a": 1288265307,
    "p": "22409.80",
    "q": "0.001",
    "f": 2391777698,
    "l": 2391777698,
    "T": 1655346213985,
    "m": true
  },
  {
    "a": 1288265308,
    "p": "22409.60",
    "q": "0.001",
    "f": 2391777699,
    "l": 2391777699,
    "T": 1655346213985,
    "m": true
  },
  {
    "a": 1288265309,
    "p": "22409.50",
    "q": "0.001",
    "f": 2391777700,
    "l": 2391777700,
    "T": 1655346213985,
    "m": true
  },
  {
    "a": 1288265310,
    "p": "22409.30",
    "q": "0.020",
    "f": 2391777701,
    "l": 2391777702,
    "T": 1655346213985,
    "m": true
  },
  {
    "a": 1288265311,
    "p": "22408.90",
    "q": "0.088",
    "f": 2391777703,
    "l": 2391777703,
    "T": 1655346213985,
    "m": true
  },
  {
    "a": 1288265312,
    "p": "22408.80",
    "q": "0.334",
    "f": 2391777704,
    "l": 2391777705,
    "T": 1655346213985,
    "m": true
  },
  {
    "a": 1288265313,
    "p": "22409.40",
    "q": "0.592",
    "f": 2391777706,
    "l": 2391777713,
    "T": 1655346214052,
    "m": true
  },
  {
    "a": 1288265314,
    "p": "22409.50",
    "q": "0.033",
    "f": 2391777714,
    "l": 2391777721,
    "T": 1655346214465,
    "m": false
  },
  {
    "a": 1288265315,
    "p": "22409.40",
    "q": "0.729",
    "f": 2391777722,
    "l": 2391777728,
    "T": 1655346214617,
    "m": true
  },
  {
    "a": 1288265316,
    "p": "22409.40",
    "q": "1.623",
    "f": 2391777729,
    "l": 2391777741,
    "T": 1655346214742,
    "m": true
  },
  {
    "a": 1288265317,
    "p": "22408.90",
    "q": "0.114",
    "f": 2391777742,
    "l": 2391777742,
    "T": 1655346214742,
    "m": true
  },
  {
    "a": 1288265318,
    "p": "22408.80",
    "q": "0.487",
    "f": 2391777743,
    "l": 2391777745,
    "T": 1655346214742,
    "m": true
  },
  {
    "a": 1288265319,
    "p": "22408.80",
    "q": "0.003",
    "f": 2391777746,
    "l": 2391777746,
    "T": 1655346214899,
    "m": true
  },
  {
    "a": 1288265320,
    "p": "22408.90",
    "q": "0.122",
    "f": 2391777747,
    "l": 2391777749,
    "T": 1655346214968,
    "m": false
  },
  {
    "a": 1288265321,
    "p": "22409.50",
    "q": "0.015",
    "f": 2391777750,
    "l": 2391777751,
    "T": 1655346214968,
    "m": false
  },
  {
    "a": 1288265322,
    "p": "22409.90",
    "q": "0.027",
    "f": 2391777752,
    "l": 2391777752,
    "T": 1655346214968,
    "m": false
  },
  {
    "a": 1288265323,
    "p": "22410.20",
    "q": "0.118",
    "f": 2391777753,
    "l": 2391777753,
    "T": 1655346214968,
    "m": false
  },
  {
    "a": 1288265324,
    "p": "22410.10",
    "q": "0.011",
    "f": 2391777754,
    "l": 2391777754,
    "T": 1655346214974,
    "m": true
  },
  {
    "a": 1288265325,
    "p": "22410.20",
    "q": "0.001",
    "f": 2391777755,
    "l": 2391777755,
    "T": 1655346214981,
    "m": false
  },
  {
    "a": 1288265326,
    "p": "22409.50",
    "q": "0.010",
    "f": 2391777756,
    "l": 2391777758,
    "T": 1655346215233,
    "m": true
  },
  {
    "a": 1288265327,
    "p": "22409.20",
    "q": "0.008",
    "f": 2391777759,
    "l": 2391777759,
    "T": 1655346215233,
    "m": true
  },
  {
    "a": 1288265328,
    "p": "22408.80",
    "q": "0.139",
    "f": 2391777760,
    "l": 2391777765,
    "T": 1655346215233,
    "m": true
  },
  {
    "a": 1288265329,
    "p": "22408.80",
    "q": "0.025",
    "f": 2391777766,
    "l": 2391777766,
    "T": 1655346215370,
    "m": true
  },
  {
    "a": 1288265330,
    "p": "22408.80",
    "q": "0.028",
    "f": 2391777767,
    "l": 2391777769,
    "T": 1655346215501,
    "m": true
  },
  {
    "a": 1288265331,
    "p": "22408.90",
    "q": "0.006",
    "f": 2391777770,
    "l": 2391777771,
    "T": 1655346215572,
    "m": false
  },
  {
    "a": 1288265332,
    "p": "22409.30",
    "q": "0.029",
    "f": 2391777772,
    "l": 2391777776,
    "T": 1655346215572,
    "m": false
  },
  {
    "a": 1288265333,
    "p": "22409.50",
    "q": "0.001",
    "f": 2391777777,
    "l": 2391777777,
    "T": 1655346215641,
    "m": false
  },
  {
    "a": 1288265334,
    "p": "22410.40",
    "q": "0.001",
    "f": 2391777778,
    "l": 2391777778,
    "T": 1655346215641,
    "m": false
  },
  {
    "a": 1288265335,
    "p": "22410.50",
    "q": "0.002",
    "f": 2391777779,
    "l": 2391777780,
    "T": 1655346215654,
    "m": false
  },
  {
    "a": 1288265336,
    "p": "22410.60",
    "q": "0.001",
    "f": 2391777781,
    "l": 2391777781,
    "T": 1655346215716,
    "m": false
  },
  {
    "a": 1288265337,
    "p": "22411.00",
    "q": "0.007",
    "f": 2391777782,
    "l": 2391777782,
    "T": 1655346215716,
    "m": false
  },
  {
    "a": 1288265338,
    "p": "22411.20",
    "q": "0.002",
    "f": 2391777783,
    "l": 2391777783,
    "T": 1655346215716,
    "m": false
  },
  {
    "a": 1288265339,
    "p": "22411.40",
    "q": "0.024",
    "f": 2391777784,
    "l": 2391777784,
    "T": 1655346215716,
    "m": false
  },
  {
    "a": 1288265340,
    "p": "22411.00",
    "q": "0.001",
    "f": 2391777785,
    "l": 2391777785,
    "T": 1655346215725,
    "m": true
  },
  {
    "a": 1288265341,
    "p": "22411.70",
    "q": "0.001",
    "f": 2391777786,
    "l": 2391777786,
    "T": 1655346215726,
    "m": false
  },
  {
    "a": 1288265342,
    "p": "22411.80",
    "q": "0.043",
    "f": 2391777787,
    "l": 2391777787,
    "T": 1655346215728,
    "m": false
  },
  {
    "a": 1288265343,
    "p": "22412.30",
    "q": "0.001",
    "f": 2391777788,
    "l": 2391777788,
    "T": 1655346215728,
    "m": false
  },
  {
    "a": 1288265344,
    "p": "22411.70",
    "q": "0.066",
    "f": 2391777789,
    "l": 2391777789,
    "T": 1655346215769,
    "m": false
  },
  {
    "a": 1288265345,
    "p": "22411.60",
    "q": "0.038",
    "f": 2391777790,
    "l": 2391777791,
    "T": 1655346215796,
    "m": true
  },
  {
    "a": 1288265346,
    "p": "22411.30",
    "q": "0.162",
    "f": 2391777792,
    "l": 2391777793,
    "T": 1655346215796,
    "m": true
  },
  {
    "a": 1288265347,
    "p": "22411.20",
    "q": "0.088",
    "f": 2391777794,
    "l": 2391777794,
    "T": 1655346215796,
    "m": true
  },
  {
    "a": 1288265348,
    "p": "22411.30",
    "q": "0.001",
    "f": 2391777795,
    "l": 2391777795,
    "T": 1655346215800,
    "m": false
  },
  {
    "a": 1288265349,
    "p": "22411.20",
    "q": "0.001",
    "f": 2391777796,
    "l": 2391777796,
    "T": 1655346215805,
    "m": true
  },
  {
    "a": 1288265350,
    "p": "22411.10",
    "q": "0.160",
    "f": 2391777797,
    "l": 2391777797,
    "T": 1655346215872,
    "m": false
  },
  {
    "a": 1288265351,
    "p": "22411.00",
    "q": "0.011",
    "f": 2391777798,
    "l": 2391777799,
    "T": 1655346215875,
    "m": true
  },
  {
    "a": 1288265352,
    "p": "22411.00",
    "q": "0.058",
    "f": 2391777800,
    "l": 2391777804,
    "T": 1655346216018,
    "m": true
  },
  {
    "a": 1288265353,
    "p": "22410.40",
    "q": "0.002",
    "f": 2391777805,
    "l": 2391777806,
    "T": 1655346216033,
    "m": true
  },
  {
    "a": 1288265354,
    "p": "22411.00",
    "q": "0.001",
    "f": 2391777807,
    "l": 2391777807,
    "T": 1655346216050,
    "m": true
  },
  {
    "a": 1288265355,
    "p": "22411.10",
    "q": "0.011",
    "f": 2391777808,
    "l": 2391777808,
    "T": 1655346216057,
    "m": false
  },
  {
    "a": 1288265356,
    "p": "22411.00",
    "q": "0.017",
    "f": 2391777809,
    "l": 2391777810,
    "T": 1655346216060,
    "m": true
  },
  {
    "a": 1288265357,
    "p": "22410.40",
    "q": "0.001",
    "f": 2391777811,
    "l": 2391777811,
    "T": 1655346216060,
    "m": true
  },
  {
    "a": 1288265358,
    "p": "22410.00",
    "q": "0.111",
    "f": 2391777812,
    "l": 2391777812,
    "T": 1655346216060,
    "m": true
  },
  {
    "a": 1288265359,
    "p": "22409.80",
    "q": "0.001",
    "f": 2391777813,
    "l": 2391777813,
    "T": 1655346216060,
    "m": true
  },
  {
    "a": 1288265360,
    "p": "22409.50",
    "q": "0.001",
    "f": 2391777814,
    "l": 2391777814,
    "T": 1655346216060,
    "m": true
  },
  {
    "a": 1288265361,
    "p": "22408.80",
    "q": "0.316",
    "f": 2391777815,
    "l": 2391777816,
    "T": 1655346216060,
    "m": true
  },
  {
    "a": 1288265362,
    "p": "22408.90",
    "q": "0.010",
    "f": 2391777817,
    "l": 2391777817,
    "T": 1655346216230,
    "m": false
  },
  {
    "a": 1288265363,
    "p": "22408.80",
    "q": "0.221",
    "f": 2391777818,
    "l": 2391777818,
    "T": 1655346216371,
    "m": true
  },
  {
    "a": 1288265364,
    "p": "22408.90",
    "q": "0.002",
    "f": 2391777819,
    "l": 2391777820,
    "T": 1655346216434,
    "m": false
  },
  {
    "a": 1288265365,
    "p": "22409.50",
    "q": "0.001",
    "f": 2391777821,
    "l": 2391777821,
    "T": 1655346216434,
    "m": false
  },
  {
    "a": 1288265366,
    "p": "22409.80",
    "q": "0.001",
    "f": 2391777822,
    "l": 2391777822,
    "T": 1655346216434,
    "m": false
  },
  {
    "a": 1288265367,
    "p": "22410.10",
    "q": "0.012",
    "f": 2391777823,
    "l": 2391777823,
    "T": 1655346216434,
    "m": false
  },
  {
    "a": 1288265368,
    "p": "22410.40",
    "q": "0.006",
    "f": 2391777824,
    "l": 2391777824,
    "T": 1655346216434,
    "m": false
  },
  {
    "a": 1288265369,
    "p": "22410.30",
    "q": "0.001",
    "f": 2391777825,
    "l": 2391777825,
    "T": 1655346216435,
    "m": true
  },
  {
    "a": 1288265370,
    "p": "22410.40",
    "q": "0.001",
    "f": 2391777826,
    "l": 2391777826,
    "T": 1655346216449,
    "m": false
  },
  {
    "a": 1288265371,
    "p": "22410.40",
    "q": "0.014",
    "f": 2391777827,
    "l": 2391777828,
    "T": 1655346216557,
    "m": false
  },
  {
    "a": 1288265372,
    "p": "22410.60",
    "q": "0.001",
    "f": 2391777829,
    "l": 2391777829,
    "T": 1655346216557,
    "m": false
  },
  {
    "a": 1288265373,
    "p": "22411.00",
    "q": "0.085",
    "f": 2391777830,
    "l": 2391777830,
    "T": 1655346216557,
    "m": false
  },
  {
    "a": 1288265374,
    "p": "22410.40",
    "q": "0.001",
    "f": 2391777831,
    "l": 2391777831,
    "T": 1655346216570,
    "m": false
  },
  {
    "a": 1288265375,
    "p": "22410.40",
    "q": "0.001",
    "f": 2391777832,
    "l": 2391777832,
    "T": 1655346217008,
    "m": false
  },
  {
    "a": 1288265376,
    "p": "22410.30",
    "q": "0.425",
    "f": 2391777833,
    "l": 2391777836,
    "T": 1655346217097,
    "m": true
  },
  {
    "a": 1288265377,
    "p": "22410.40",
    "q": "0.004",
    "f": 2391777837,
    "l": 2391777839,
    "T": 1655346217218,
    "m": false
  },
  {
    "a": 1288265378,
    "p": "22410.80",
    "q": "0.029",
    "f": 2391777840,
    "l": 2391777840,
    "T": 1655346217218,
    "m": false
  },
  {
    "a": 1288265379,
    "p": "22411.00",
    "q": "0.096",
    "f": 2391777841,
    "l": 2391777842,
    "T": 1655346217218,
    "m": false
  },
  {
    "a": 1288265380,
    "p": "22411.60",
    "q": "0.001",
    "f": 2391777843,
    "l": 2391777843,
    "T": 1655346217218,
    "m": false
  },
  {
    "a": 1288265381,
    "p": "22412.20",
    "q": "0.361",
    "f": 2391777844,
    "l": 2391777844,
    "T": 1655346217218,
    "m": false
  },
  {
    "a": 1288265382,
    "p": "22412.30",
    "q": "0.002",
    "f": 2391777845,
    "l": 2391777845,
    "T": 1655346217218,
    "m": false
  },
  {
    "a": 1288265383,
    "p": "22412.20",
    "q": "0.002",
    "f": 2391777846,
    "l": 2391777846,
    "T": 1655346217227,
    "m": true
  },
  {
    "a": 1288265384,
    "p": "22412.30",
    "q": "0.001",
    "f": 2391777847,
    "l": 2391777847,
    "T": 1655346217231,
    "m": false
  },
  {
    "a": 1288265385,
    "p": "22412.30",
    "q": "0.002",
    "f": 2391777848,
    "l": 2391777848,
    "T": 1655346217426,
    "m": false
  },
  {
    "a": 1288265386,
    "p": "22412.20",
    "q": "0.001",
    "f": 2391777849,
    "l": 2391777849,
    "T": 1655346217435,
    "m": true
  },
  {
    "a": 1288265387,
    "p": "22411.60",
    "q": "0.001",
    "f": 2391777850,
    "l": 2391777850,
    "T": 1655346217435,
    "m": true
  },
  {
    "a": 1288265388,
    "p": "22410.70",
    "q": "0.001",
    "f": 2391777851,
    "l": 2391777851,
    "T": 1655346217435,
    "m": true
  },
  {
    "a": 1288265389,
    "p": "22410.30",
    "q": "0.059",
    "f": 2391777852,
    "l": 2391777857,
    "T": 1655346217435,
    "m": true
  },
  {
    "a": 1288265390,
    "p": "22410.30",
    "q": "0.022",
    "f": 2391777858,
    "l": 2391777859,
    "T": 1655346217679,
    "m": true
  },
  {
    "a": 1288265391,
    "p": "22410.40",
    "q": "0.007",
    "f": 2391777860,
    "l": 2391777862,
    "T": 1655346217783,
    "m": false
  },
  {
    "a": 1288265392,
    "p": "22410.40",
    "q": "0.007",
    "f": 2391777863,
    "l": 2391777865,
    "T": 1655346217914,
    "m": false
  },
  {
    "a": 1288265393,
    "p": "22410.30",
    "q": "0.009",
    "f": 2391777866,
    "l": 2391777866,
    "T": 1655346218064,
    "m": true
  },
  {
    "a": 1288265394,
    "p": "22410.30",
    "q": "0.007",
    "f": 2391777867,
    "l": 2391777868,
    "T": 1655346218198,
    "m": true
  },
  {
    "a": 1288265395,
    "p": "22410.40",
    "q": "0.006",
    "f": 2391777869,
    "l": 2391777869,
    "T": 1655346218201,
    "m": false
  },
  {
    "a": 1288265396,
    "p": "22410.30",
    "q": "0.009",
    "f": 2391777870,
    "l": 2391777872,
    "T": 1655346218271,
    "m": true
  },
  {
    "a": 1288265397,
    "p": "22410.40",
    "q": "0.405",
    "f": 2391777873,
    "l": 2391777874,
    "T": 1655346218373,
    "m": false
  },
  {
    "a": 1288265398,
    "p": "22410.30",
    "q": "0.090",
    "f": 2391777875,
    "l": 2391777879,
    "T": 1655346218407,
    "m": true
  },
  {
    "a": 1288265399,
    "p": "22410.40",
    "q": "0.345",
    "f": 2391777880,
    "l": 2391777880,
    "T": 1655346218650,
    "m": false
  },
  {
    "a": 1288265400,
    "p": "22410.30",
    "q": "0.042",
    "f": 2391777881,
    "l": 2391777882,
    "T": 1655346218650,
    "m": true
  },
  {
    "a": 1288265401,
    "p": "22410.40",
    "q": "0.001",
    "f": 2391777883,
    "l": 2391777883,
    "T": 1655346218680,
    "m": false
  },
  {
    "a": 1288265402,
    "p": "22410.40",
    "q": "0.002",
    "f": 2391777884,
    "l": 2391777884,
    "T": 1655346219042,
    "m": false
  },
  {
    "a": 1288265403,
    "p": "22410.40",
    "q": "0.009",
    "f": 2391777885,
    "l": 2391777886,
    "T": 1655346219154,
    "m": false
  },
  {
    "a": 1288265404,
    "p": "22410.30",
    "q": "0.046",
    "f": 2391777887,
    "l": 2391777892,
    "T": 1655346219223,
    "m": true
  },
  {
    "a": 1288265405,
    "p": "22410.40",
    "q": "0.003",
    "f": 2391777893,
    "l": 2391777893,
    "T": 1655346219251,
    "m": false
  },
  {
    "a": 1288265406,
    "p": "22410.30",
    "q": "0.150",
    "f": 2391777894,
    "l": 2391777894,
    "T": 1655346219364,
    "m": true
  },
  {
    "a": 1288265407,
    "p": "22410.30",
    "q": "0.007",
    "f": 2391777895,
    "l": 2391777895,
    "T": 1655346219533,
    "m": true
  },
  {
    "a": 1288265408,
    "p": "22410.40",
    "q": "0.010",
    "f": 2391777896,
    "l": 2391777896,
    "T": 1655346219584,
    "m": false
  },
  {
    "a": 1288265409,
    "p": "22410.30",
    "q": "0.003",
    "f": 2391777897,
    "l": 2391777898,
    "T": 1655346219593,
    "m": true
  },
  {
    "a": 1288265410,
    "p": "22410.40",
    "q": "0.884",
    "f": 2391777899,
    "l": 2391777903,
    "T": 1655346219605,
    "m": false
  },
  {
    "a": 1288265411,
    "p": "22410.30",
    "q": "0.059",
    "f": 2391777904,
    "l": 2391777907,
    "T": 1655346219654,
    "m": true
  },
  {
    "a": 1288265412,
    "p": "22410.30",
    "q": "0.052",
    "f": 2391777908,
    "l": 2391777913,
    "T": 1655346219883,
    "m": true
  },
  {
    "a": 1288265413,
    "p": "22409.70",
    "q": "0.001",
    "f": 2391777914,
    "l": 2391777914,
    "T": 1655346219883,
    "m": true
  },
  {
    "a": 1288265414,
    "p": "22409.40",
    "q": "0.002",
    "f": 2391777915,
    "l": 2391777916,
    "T": 1655346219883,
    "m": true
  },
  {
    "a": 1288265415,
    "p": "22409.10",
    "q": "0.052",
    "f": 2391777917,
    "l": 2391777917,
    "T": 1655346219883,
    "m": true
  },
  {
    "a": 1288265416,
    "p": "22408.60",
    "q": "0.078",
    "f": 2391777918,
    "l": 2391777918,
    "T": 1655346219883,
    "m": true
  },
  {
    "a": 1288265417,
    "p": "22408.50",
    "q": "0.107",
    "f": 2391777919,
    "l": 2391777919,
    "T": 1655346219883,
    "m": true
  },
  {
    "a": 1288265418,
    "p": "22408.30",
    "q": "0.001",
    "f": 2391777920,
    "l": 2391777920,
    "T": 1655346219883,
    "m": true
  },
  {
    "a": 1288265419,
    "p": "22408.00",
    "q": "0.060",
    "f": 2391777921,
    "l": 2391777921,
    "T": 1655346219883,
    "m": true
  },
  {
    "a": 1288265420,
    "p": "22407.90",
    "q": "0.306",
    "f": 2391777922,
    "l": 2391777923,
    "T": 1655346219883,
    "m": true
  },
  {
    "a": 1288265421,
    "p": "22407.70",
    "q": "0.008",
    "f": 2391777924,
    "l": 2391777925,
    "T": 1655346219883,
    "m": true
  },
  {
    "a": 1288265422,
    "p": "22407.30",
    "q": "0.050",
    "f": 2391777926,
    "l": 2391777926,
    "T": 1655346219883,
    "m": true
  },
  {
    "a": 1288265423,
    "p": "22407.20",
    "q": "0.172",
    "f": 2391777927,
    "l": 2391777931,
    "T": 1655346219883,
    "m": true
  },
  {
    "a": 1288265424,
    "p": "22407.00",
    "q": "1.300",
    "f": 2391777932,
    "l": 2391777935,
    "T": 1655346219883,
    "m": true
  },
  {
    "a": 1288265425,
    "p": "22407.00",
    "q": "0.045",
    "f": 2391777936,
    "l": 2391777936,
    "T": 1655346220026,
    "m": true
  },
  {
    "a": 1288265426,
    "p": "22407.10",
    "q": "0.002",
    "f": 2391777937,
    "l": 2391777938,
    "T": 1655346220097,
    "m": false
  },
  {
    "a": 1288265427,
    "p": "22407.10",
    "q": "0.170",
    "f": 2391777939,
    "l": 2391777944,
    "T": 1655346220235,
    "m": false
  },
  {
    "a": 1288265428,
    "p": "22407.70",
    "q": "0.001",
    "f": 2391777945,
    "l": 2391777945,
    "T": 1655346220276,
    "m": false
  },
  {
    "a": 1288265429,
    "p": "22408.80",
    "q": "0.001",
    "f": 2391777946,
    "l": 2391777946,
    "T": 1655346220276,
    "m": false
  },
  {
    "a": 1288265430,
    "p": "22409.90",
    "q": "0.149",
    "f": 2391777947,
    "l": 2391777948,
    "T": 1655346220276,
    "m": false
  },
  {
    "a": 1288265431,
    "p": "22408.80",
    "q": "0.001",
    "f": 2391777949,
    "l": 2391777949,
    "T": 1655346220289,
    "m": false
  },
  {
    "a": 1288265432,
    "p": "22408.70",
    "q": "0.014",
    "f": 2391777950,
    "l": 2391777950,
    "T": 1655346220306,
    "m": true
  },
  {
    "a": 1288265433,
    "p": "22408.80",
    "q": "0.043",
    "f": 2391777951,
    "l": 2391777951,
    "T": 1655346220364,
    "m": false
  },
  {
    "a": 1288265434,
    "p": "22408.70",
    "q": "0.010",
    "f": 2391777952,
    "l": 2391777952,
    "T": 1655346220376,
    "m": true
  },
  {
    "a": 1288265435,
    "p": "22408.80",
    "q": "0.001",
    "f": 2391777953,
    "l": 2391777953,
    "T": 1655346220508,
    "m": false
  },
  {
    "a": 1288265436,
    "p": "22408.80",
    "q": "0.148",
    "f": 2391777954,
    "l": 2391777954,
    "T": 1655346220711,
    "m": false
  },
  {
    "a": 1288265437,
    "p": "22408.70",
    "q": "0.047",
    "f": 2391777955,
    "l": 2391777957,
    "T": 1655346221126,
    "m": true
  },
  {
    "a": 1288265438,
    "p": "22408.80",
    "q": "0.027",
    "f": 2391777958,
    "l": 2391777962,
    "T": 1655346221221,
    "m": false
  },
  {
    "a": 1288265439,
    "p": "22409.20",
    "q": "0.025",
    "f": 2391777963,
    "l": 2391777964,
    "T": 1655346221221,
    "m": false
  },
  {
    "a": 1288265440,
    "p": "22409.20",
    "q": "0.004",
    "f": 2391777965,
    "l": 2391777967,
    "T": 1655346221402,
    "m": false
  },
  {
    "a": 1288265441,
    "p": "22409.10",
    "q": "0.005",
    "f": 2391777968,
    "l": 2391777968,
    "T": 1655346221414,
    "m": true
  },
  {
    "a": 1288265442,
    "p": "22409.20",
    "q": "0.001",
    "f": 2391777969,
    "l": 2391777969,
    "T": 1655346221414,
    "m": false
  },
  {
    "a": 1288265443,
    "p": "22409.10",
    "q": "0.696",
    "f": 2391777970,
    "l": 2391777973,
    "T": 1655346221468,
    "m": true
  },
  {
    "a": 1288265444,
    "p": "22409.20",
    "q": "0.001",
    "f": 2391777974,
    "l": 2391777974,
    "T": 1655346221492,
    "m": false
  },
  {
    "a": 1288265445,
    "p": "22409.40",
    "q": "0.001",
    "f": 2391777975,
    "l": 2391777975,
    "T": 1655346221492,
    "m": false
  },
  {
    "a": 1288265446,
    "p": "22409.30",
    "q": "0.614",
    "f": 2391777976,
    "l": 2391777982,
    "T": 1655346221504,
    "m": true
  },
  {
    "a": 1288265447,
    "p": "22409.40",
    "q": "0.038",
    "f": 2391777983,
    "l": 2391777984,
    "T": 1655346221644,
    "m": false
  },
  {
    "a": 1288265448,
    "p": "22409.40",
    "q": "0.134",
    "f": 2391777985,
    "l": 2391777985,
    "T": 1655346221880,
    "m": false
  },
  {
    "a": 1288265449,
    "p": "22409.30",
    "q": "0.840",
    "f": 2391777986,
    "l": 2391777992,
    "T": 1655346221905,
    "m": true
  },
  {
    "a": 1288265450,
    "p": "22409.30",
    "q": "0.228",
    "f": 2391777993,
    "l": 2391778002,
    "T": 1655346222206,
    "m": true
  },
  {
    "a": 1288265451,
    "p": "22409.00",
    "q": "0.089",
    "f": 2391778003,
    "l": 2391778003,
    "T": 1655346222265,
    "m": true
  },
  {
    "a": 1288265452,
    "p": "22408.70",
    "q": "0.125",
    "f": 2391778004,
    "l": 2391778009,
    "T": 1655346222265,
    "m": true
  },
  {
    "a": 1288265453,
    "p": "22408.00",
    "q": "0.001",
    "f": 2391778010,
    "l": 2391778010,
    "T": 1655346222271,
    "m": true
  }
]